@Article{Bellman1956,
  title     = "Research problems",
  author    = "Richard Ernest Bellman",
  journal   = "Bull. Am. Math. Soc.",
  publisher = "American Mathematical Society (AMS)",
  volume    =  62,
  number    =  3,
  pages     = "270--271",
  month     =  may,
  year      =  1956,
  language  = "en",
  url       = "https://www.ams.org/journals/bull/1956-62-03/S0002-9904-1956-10021-9/S0002-9904-1956-10021-9.pdf"
}

@Article{Williams2000,
 Author = {Scott W. {Williams}},
 Title = {Million buck problems},
 Journal = {National Association of Mathematicians Newsletter},
 Volume = {31},
 Number = {2},
 Pages = {1--3},
 Year = {2000},
 url = {http://www.math.buffalo.edu/~sww/0papers/million.buck.problems.mi.pdf}
}

@article{FinchWetzel2004,
 ISSN = {00029890, 19300972},
 URL = {http://www.jstor.org/stable/4145038},
 author = {Steven R. Finch and John E. Wetzel},
 journal = {The American Mathematical Monthly},
 number = {8},
 pages = {645--654},
 publisher = {Mathematical Association of America},
 title = {Lost in a Forest},
 volume = {111},
 year = {2004}
}

@Article{Isbell1957,
  author={John R. Isbell},
  title={{An optimal search pattern}},
  journal={Naval Research Logistics Quarterly},
  year=1957,
  volume={4},
  number={4},
  pages={357-359},
  month={December},
  keywords={},
  doi={10.1002/nav.3800040409},
  url={https://ideas.repec.org/a/wly/navlog/v4y1957i4p357-359.html}
}

@article{Joris1980,
  title = {Le chasseur perdu dans la forêt},
  author = {Joris, Henri},
  journal = {Elemente der Mathematik},
  volume = {35},
  pages = {1-14},
  year = {1980},
  url = {http://infoscience.epfl.ch/record/130395},
}

@misc{Finch2019,
Author = {Steven Finch},
Title = {A translation of {H}enri {J}oris' "{L}e chasseur perdu dans la forêt" (1980)},
Year = {2019},
Eprint = {arXiv:1910.00615},
}

@misc{Finch2019b,
Author = {Steven Finch},
Title = {A translation of {Z}algaller's "{T}he shortest space curve of unit width" (1994)},
Year = {2019},
Eprint = {arXiv:1910.02729},
}
